<record><leader>00000cas a2200000 a 4500</leader><controlfield tag="001">19969779</controlfield><controlfield tag="007">hd afu---buca</controlfield><controlfield tag="008">890706d18081809ctuwr n a     0    0eng d</controlfield><datafield ind1=" " ind2=" " tag="010"><subfield code="a">sn 89028678 </subfield></datafield><datafield ind1=" " ind2=" " tag="040"><subfield code="a">VA@</subfield><subfield code="b">eng</subfield><subfield code="c">VA@</subfield><subfield code="d">IUL</subfield><subfield code="d">HUL</subfield><subfield code="d">BOS</subfield><subfield code="d">OCLCQ</subfield><subfield code="d">OCLCO</subfield><subfield code="d">OCLCA</subfield><subfield code="d">OCLCF</subfield><subfield code="d">OCLCQ</subfield></datafield><datafield ind1=" " ind2=" " tag="012"><subfield code="i">8912</subfield></datafield><datafield ind1=" " ind2=" " tag="042"><subfield code="a">msc</subfield></datafield><datafield ind1=" " ind2=" " tag="043"><subfield code="a">n-us-dc</subfield><subfield code="a">n-us---</subfield></datafield><datafield ind1=" " ind2="4" tag="050"><subfield code="a">AP2</subfield><subfield code="b">.W272</subfield></datafield><datafield ind1="0" ind2="0" tag="245"><subfield code="a">Washington expositor.</subfield></datafield><datafield ind1=" " ind2=" " tag="260"><subfield code="a">[Washington City] :</subfield><subfield code="b">[Dinmore &amp; Cooper],</subfield><subfield code="c">1808-1809.</subfield></datafield><datafield ind1=" " ind2=" " tag="300"><subfield code="a">1 volume ;</subfield><subfield code="c">26 cm</subfield></datafield><datafield ind1=" " ind2=" " tag="310"><subfield code="a">Weekly</subfield></datafield><datafield ind1=" " ind2=" " tag="336"><subfield code="a">text</subfield><subfield code="b">txt</subfield><subfield code="2">rdacontent</subfield></datafield><datafield ind1=" " ind2=" " tag="337"><subfield code="a">microform</subfield><subfield code="b">h</subfield><subfield code="2">rdamedia</subfield></datafield><datafield ind1=" " ind2=" " tag="338"><subfield code="a">microfilm reel</subfield><subfield code="b">hd</subfield><subfield code="2">rdacarrier</subfield></datafield><datafield ind1="0" ind2=" " tag="362"><subfield code="a">Vol. 1, no. 1 (Jan. 2, 1808)-v. 1, no. 54 (Jan. 6, 1809).</subfield></datafield><datafield ind1=" " ind2=" " tag="500"><subfield code="a">Title from caption.</subfield></datafield><datafield ind1=" " ind2=" " tag="525"><subfield code="a">Has also supplements.</subfield></datafield><datafield ind1=" " ind2=" " tag="533"><subfield code="a">Microfilm.</subfield><subfield code="b">New Canaan, CT :</subfield><subfield code="c">Readex Microprint Corp.,</subfield><subfield code="d">[19--].</subfield><subfield code="e">1 microfilm reel ; 35 mm.</subfield><subfield code="f">(Early American newspapers).</subfield></datafield><datafield ind1=" " ind2="0" tag="651"><subfield code="a">Washington (D.C.)</subfield><subfield code="v">Newspapers.</subfield></datafield><datafield ind1=" " ind2="7" tag="651"><subfield code="a">Washington (D.C.)</subfield><subfield code="2">fast</subfield><subfield code="0">(OCoLC)fst01204505</subfield></datafield><datafield ind1=" " ind2="7" tag="655"><subfield code="a">Newspapers.</subfield><subfield code="2">fast</subfield><subfield code="0">(OCoLC)fst01423814</subfield></datafield><datafield ind1=" " ind2=" " tag="752"><subfield code="a">United States</subfield><subfield code="b">District of Columbia</subfield><subfield code="d">Washington.</subfield></datafield><datafield ind1="0" ind2="0" tag="780"><subfield code="t">Washington expositor, and weekly register</subfield><subfield code="w">(DLC)sn 89028677</subfield><subfield code="w">(OCoLC)20300099</subfield></datafield><datafield ind1=" " ind2=" " tag="850"><subfield code="a">MH</subfield></datafield><datafield ind1="1" ind2=" " tag="029"><subfield code="a">AU@</subfield><subfield code="b">000006489805</subfield></datafield></record>